@jurisdiction{UrteilVom160520132013,
  title = {Urteil vom 16.05.2013},
  date = {2013-05-16},
  number = {II R 15/12},
  institution = {BFH},
  url = {https://openjur.de/u/641276.html},
  urldate = {2025-01-13},
  langid = {ngerman},
  annotation = {BFH, Urt. v. 16.05.2013 – II R 15/12, BFHE 241, 211},
  file = {/Users/andreasschultz/Zotero/storage/A2NFXQPX/2013 - Urteil vom 16.05.2013.pdf}
}

@entry-encyclopedia{klein882024,
  title = {§ 88},
  shorttitle = {{{AO}}},
  booktitle = {Abgabenordnung},
  editor = {Klein, Franz},
  author = {Rätke, Bernd},
  date = {2024},
  edition = {18. Auflage},
  publisher = {C.H. Beck},
  location = {München},
  annotation = {Begr.},
  file = {/Users/andreasschultz/Zotero/storage/WJ7G5IB5/Klein - 2024 - § 88.pdf}
}

@book{buscheVerwaltungsautomation20Automatisiert2023,
  title = {Verwaltungsautomation 2.0 – {{Automatisiert}} Erlassene {{Verwaltungsakte}} Im {{Bereich}} von {{Spielräumen}}},
  shorttitle = {Verwaltungsautomation 2.0},
  author = {Busche, Daniel},
  date = {2023},
  publisher = {Duncker \& Humblot},
  location = {Berlin},
  doi = {10.3790/978-3-428-58964-7},
  url = {https://elibrary.duncker-humblot.com/book/63111/verwaltungsautomation-20},
  urldate = {2025-01-06},
  isbn = {978-3-428-58964-7},
  langid = {english},
  file = {/Users/andreasschultz/Zotero/storage/DKZVAZBB/Busche - 2023 - Verwaltungsautomation 2.0.pdf}
}

@article{martiniOnceOnlyOnly2017,
  title = {»Once only« versus »only once«: Das Prinzip einmaliger Erfassung zwischen Zweckbindungsgrundsatz und Bürgerfreundlichkeit},
  shorttitle = {»Once only« versus »only once«},
  author = {Martini, Mario and Wenzel, Michael},
  date = {2017},
  journaltitle = {DVBl},
  volume = {132},
  number = {12},
  pages = {749--758},
  issn = {2366-0651, 0012-1363},
  doi = {10.1515/dvbl-2017-1206},
  url = {https://www.degruyter.com/document/doi/10.1515/dvbl-2017-1206/html},
  urldate = {2024-11-16},
  langid = {ngerman},
  file = {/Users/andreasschultz/Zotero/storage/IL3XMSRK/Martini und Wenzel - 2017 - »Once only« versus »only once« Das Prinzip einmaliger Erfassung zwischen Zweckbindungsgrundsatz und.pdf}
}

@incollection{druenAmtsermittlungsgrundsatzUndRisikomanagement2019a,
  title = {Amtsermittlungsgrundsatz Und {{Risikomanagement}}},
  booktitle = {Digitalisierung Im {{Steuerrecht}}},
  author = {Drüen, Klaus-Dieter},
  editor = {Hey, Johanna},
  date = {2019},
  series = {Deutsche {{Steuerjuristische Gesellschaft}}},
  number = {Band 42},
  pages = {193--222},
  publisher = {Otto Schmidt},
  location = {Köln},
  url = {https://www.degruyter.com/document/doi/10.9785/9783504386481-008/html},
  urldate = {2024-10-21},
  isbn = {978-3-504-38648-1},
  keywords = {Risikomanagmentsysteme},
  annotation = {Hrsg.},
  file = {/Users/andreasschultz/Zotero/storage/XW5JLXWA/Drüen - 2019 - Amtsermittlungsgrundsatz und Risikomanagement.pdf}
}

@entry-encyclopedia{difabioArt22025,
  title = {Art. 2},
  shorttitle = {{{GG}}},
  booktitle = {Grundgesetz},
  author = {Di Fabio, Udo},
  editor = {Dürig, Günter and Herzog, Roman and Scholz, Rupert},
  date = {2025},
  edition = {105. Auflage},
  publisher = {C.H. Beck},
  location = {München},
  annotation = {Begr. u. Hrsg.},
  file = {/Users/andreasschultz/Zotero/storage/QPJ4N388/beck-online-beck-de.docweb.rz.uni-passau.de.html}
}

@online{kochMerzWerDaten2025,
  title = {Merz: Wer Daten bereitstellt, zahlt 10 Prozent weniger Krankenkassenbeiträge, heise online},
  author = {Koch, Marie-Claire},
  date = {2025-03-02},
  url = {https://www.heise.de/news/Merz-Wer-Daten-bereitstellt-zahlt-10-Prozent-weniger-Krankenkassenbeitraege-10267376.html},
  urldate = {2025-02-03},
  abstract = {Die "E-Patientenakte für alle" sorgt für Begehrlichkeiten. Ginge es nach Merz (CDU), kostet Privatsphäre bald extra. Wer Angst um seine Daten hat, muss zahlen.},
  langid = {ngerman},
  organization = {heise online},
  file = {/Users/andreasschultz/Zotero/storage/32EITWJ7/Merz-Wer-Daten-bereitstellt-zahlt-10-Prozent-weniger-Krankenkassenbeitraege-10267376.html}
}

@jurisdiction{StellungnahmeEntwurfGesetzes,
  title = {Stellungnahme Zum {{Entwurf}} Eines {{Gesetzes}} Zur {{Einführung}} Und {{Verwendung}} Einer {{Identifikationsnummer}} in Der Öffentlichen {{Verwaltung}} Und Zur {{Änderung}} Weiterer {{Gesetze}}},
  url = {https://www.bundestag.de/resource/blob/815984/f50265980438d51623ae4a7fde9729aa/A-Drs-19-4-667-F.pdf},
  urldate = {2025-01-27},
  annotation = {BT-Drucks. 20/10927},
  file = {/Users/andreasschultz/Zotero/storage/ID67JD4P/A-Drs-19-4-667-F.pdf}
}